@book{adams1995hitchhiker,
  title={The Hitchhiker's Guide to the Galaxy},
  author={Adams, D.},
  isbn={9781417642595},
  url={http://books.google.com/books?id=W-xMPgAACAAJ},
  year={1995},
  publisher={San Val}
}
@inproceedings{singh2017analyzing,
  title={Analyzing Titanic disaster using machine learning algorithms},
  author={Singh, Aakriti and Saraswat, Shipra and Faujdar, Neetu},
  booktitle={2017 International Conference on Computing, Communication and Automation (ICCCA)},
  pages={406--411},
  year={2017},
  organization={IEEE}
}
@article{kakde975predicting,
  title={Predicting Survival on Titanic by Applying Exploratory Data Analytics and Machine Learning Techniques},
  author={Kakde, Yogesh and Agrawal, Shefali},
  journal={International Journal of Computer Applications},
  volume={975},
  pages={8887}
}
@inproceedings{ekinci2018comparative,
  title={A Comparative Study on Machine Learning Techniques Using Titanic Dataset},
  author={Ekinci, Ekin and Omurca, S {\.I}lhan and Acun, Neytullah},
  booktitle={7th International Conference on Advanced Technologies},
  pages={411--416},
  year={2018}
}
@article{balakumarprediction,
  title={Prediction of Survivors in Titanic Dataset: A Comparative Study using Machine Learning Algorithms},
  author={Balakumar, B and Raviraj, P and Sivaranjani, K}
}
@inproceedings{singh2020exploratory,
  title={Exploratory Data Analysis and Machine Learning on Titanic Disaster Dataset},
  author={Singh, Karman and Nagpal, Renuka and Sehgal, Rajni},
  booktitle={2020 10th International Conference on Cloud Computing, Data Science \& Engineering (Confluence)},
  pages={320--326},
  year={2020},
  organization={IEEE}
}
@inproceedings{farag2018predicting,
  title={Predicting the Survivors of the Titanic Kaggle, Machine Learning From Disaster},
  author={Farag, Nadine and Hassan, Ghada},
  booktitle={Proceedings of the 7th International Conference on Software and Information Engineering},
  pages={32--37},
  year={2018}
}
@incollection{khanna2019titanic,
  title={Titanic Data Analysis by R Data Language for Insights and Correlation},
  author={Khanna, Shaurya and Bhardwaj, Shweta and Khurana, Anirudh},
  booktitle={Emerging Trends in Expert Applications and Security},
  pages={73--79},
  year={2019},
  publisher={Springer}
}
@incollection{khanna2019titanic,
  title={Titanic Data Analysis by R Data Language for Insights and Correlation},
  author={Khanna, Shaurya and Bhardwaj, Shweta and Khurana, Anirudh},
  booktitle={Emerging Trends in Expert Applications and Security},
  pages={73--79},
  year={2019},
  publisher={Springer}
}
@inproceedings{shetty2018predicting,
  title={Predicting the Survival Rate of Titanic Disaster Using Machine Learning Approaches},
  author={Shetty, Jyothi and Pallavi, S and others},
  booktitle={2018 4th International Conference for Convergence in Technology (I2CT)},
  pages={1--5},
  year={2018},
  organization={IEEE}
}
